@ARTICLE{GIT,
author = "Linus Torvalds",
title = "Titre de la publication 1",
journal = "Nom du journal",
year = "2004",
volume = "19",
number = "2",
}
